<?xml version="1.0" encoding="UTF-8"?><record xmlns="http://www.loc.gov/MARC21/slim" xmlns:cinclude="http://apache.org/cocoon/include/1.0" xmlns:zs="http://www.loc.gov/zing/srw/">
  <leader>00653nz  a2200133n  4500</leader>
  <controlfield tag="001">n 2009202423</controlfield>
  <controlfield tag="003">DLC</controlfield>
  <controlfield tag="005">20100217075016.0</controlfield>
  <controlfield tag="008">100216n| acannaabn          |a aaa      </controlfield>
  <datafield tag="010" ind1=" " ind2=" ">
    <subfield code="a">n 2009202423</subfield>
  </datafield>
  <datafield tag="040" ind1=" " ind2=" ">
    <subfield code="a">DLC</subfield>
    <subfield code="b">eng</subfield>
    <subfield code="c">DLC</subfield>
  </datafield>
  <datafield tag="100" ind1="0" ind2=" ">
    <subfield code="a">ʻAnan Likhitprasœ̄t</subfield>
  </datafield>
  <datafield tag="400" ind1="0" ind2=" ">
    <subfield code="a">Likhitprasœ̄t, ʻAnan</subfield>
  </datafield>
  <datafield tag="670" ind1=" " ind2=" ">
    <subfield code="a">Rāingān kāntittām pramœ̄nphon khrōngkān sưksā læ sarup botrīan kō̜ranī kānthotlō̜ng kānthāiʻōn Sathānī ʻAnāmai Nō̜ng Wā hai kǣ ʻOngkō̜n Pokkhrō̜ng Sūan Thō̜ngthin Thētsabān Tambon Nō̜ng Wǣng, ʻAmphœ̄ Lahānsāi, Čhangwat Burīram, 2008:</subfield>
    <subfield code="b">t.p. (ʻAnan Likhitprasœ̄t)</subfield>
  </datafield>
</record>